This file was created with JabRef 2.2.
Encoding: MacRoman

@misc{silver_scale,
  author = "{nSFTMC}",
  title = "Newman Guttman -- the Silver Scale/Pitch Variations",
  year = "2020",
  url = "http://sfsound.org/tape/Guttman.html",
  note = "[Online; accessed 20-Jan-2020]"
}

@misc{flow_machines,
  author = "{Flow Machine Authors}",
  title = "Flow Machines - AI music-making",
  year = "2020",
  url = "https://www.flow-machines.com",
  note = "[Online; accessed 20-Jan-2020]"
}

@misc{watson,
  author = "{IBM Corporation}",
  title = "IBM Watson Beat | IBM",
  year = "2020",
  url = "https://www.ibm.com/case-studies/ibm-watson-beat",
  note = "[Online; accessed 20-Jan-2020]"
}

@misc{nsynth,
  author = "{Google AI}",
  title = "NSynth Super",
  year = "2020",
  url = "https://nsynthsuper.withgoogle.com",
  note = "[Online; accessed 20-Jan-2020]"
}

@BOOK{foster2019,
  title = {Generative Deep Learning},
  publisher = {O'Reilly Media, Inc.},
  year = {2019},
  author = {David Foster},
  address = {Boston, MA},
  isbn = {9781492041931}
}

@BOOK{temperley2007,
  title = {Music and Probability},
  publisher = {The MIT Press},
  year = {2007},
  author = {David Temperley},
  address = {Cambridge, MA},
  isbn = {0-262-20166-6}
}

@BOOK{levitin2006,
  title = {This Is Your Brain on Music: The Science of a Human Obsession},
  publisher = {Dutton Penguin},
  year = {2006},
  author = {Daniel J. Levitin},
  address = {New York, NY},
  isbn = {0-525-94969-0}
}

@misc{ wiki_gan,
  author = "{Wikipedia contributors}",
  title = "Generative adversarial network --- {W}ikipedia{,} The Free Encyclopedia",
  year = "2020",
  url = "https://en.wikipedia.org/wiki/Generative_adversarial_network",
  note = "[Online; accessed 20-Jan-2020]"
}

@misc{ wiki_circle_of_fifths,
  author = "{Wikipedia contributors}",
  title = "Circle of Fifths --- {W}ikipedia{,} The Free Encyclopedia",
  year = "2020",
  url = "https://en.wikipedia.org/wiki/Circle_of_fifths",
  note = "[Online; accessed 20-Jan-2020]"
}

@misc{ wiki_counterpoint,
  author = "{Wikipedia contributors}",
  title = "Counterpoint --- {W}ikipedia{,} The Free Encyclopedia",
  year = "2020",
  url = "https://en.wikipedia.org/wiki/Counterpoint",
  note = "[Online; accessed 20-Jan-2020]"
}

@misc{dorsey2017,
  author = "{Brannon Dorsey}",
  title = "Using Machine Learning to Create New Melodies",
  year = "2017",
  url = "https://brangerbriz.com/blog/using-machine-learning-to-create-new-melodies",
  note = "[Online; accessed 30-May-2019]"
}

@misc{keras_func_api_tutorial,
  author = "{Jason Brownlee}",
  title = "How to Use the Keras Functional API for Deep Learning",
  year = "2017",
  url = "https://machinelearningmastery.com/keras-functional-api-deep-learning/",
  note = "[Online; accessed 30-May-2019]"
}

@misc{keras_func_api,
  author = "{Keras Authors}",
  title = "How to Use the Keras Functional API for Deep Learning",
  year = "2019",
  url = "https://keras.io/getting-started/functional-api-guide/",
  note = "[Online; accessed 15-Sep-2019]"
}

@misc{keras_wrappers,
  author = "{Keras Authors}",
  title = "Layer wrappers - Keras Documentation",
  year = "2019",
  url = "https://keras.io/layers/wrappers/",
  note = "[Online; accessed 15-Sep-2019]"
}

@misc{gan_example,
  author = "{Rowel Atienza}",
  title = "GAN by Example using Keras on Tensorflow Backend",
  year = "2017",
  url = "https://towardsdatascience.com/gan-by-example-using-keras-on-tensorflow-backend-1a6d515a60d0",
  note = "[Online; accessed 30-May-2019]"
}

@misc{magenta,
  author = "{Magenta Authors}",
  title = "GitHub - tensorflow/magenta: Magenta: Music and Art Generation with Machine Intelligence",
  year = "2019",
  url = "https://github.com/tensorflow/magenta",
  note = "[Online; accessed 30-May-2019]"
}

@ARTICLE{2016arXiv160604930H,
       author = {{Huang}, Allen and {Wu}, Raymond},
        title = "{Deep Learning for Music}",
      journal = {arXiv e-prints},
     keywords = {Computer Science - Machine Learning, Computer Science - Sound},
         year = 2016,
        month = jun,
          eid = {arXiv:1606.04930},
        pages = {arXiv:1606.04930},
archivePrefix = {arXiv},
       eprint = {1606.04930},
 primaryClass = {cs.LG},
       adsurl = {https://ui.adsabs.harvard.edu/abs/2016arXiv160604930H},
      adsnote = {Provided by the SAO/NASA Astrophysics Data System}
}

@ARTICLE{2018arXiv180904281H,
       author = {{Huang}, Cheng-Zhi Anna and {Vaswani}, Ashish and {Uszkoreit}, Jakob and
         {Shazeer}, Noam and {Simon}, Ian and {Hawthorne}, Curtis and
         {Dai}, Andrew M. and {Hoffman}, Matthew D. and {Dinculescu}, Monica and
         {Eck}, Douglas},
        title = "{Music Transformer}",
      journal = {arXiv e-prints},
     keywords = {Computer Science - Machine Learning, Computer Science - Sound, Electrical Engineering and Systems Science - Audio and Speech Processing, Statistics - Machine Learning},
         year = 2018,
        month = sep,
          eid = {arXiv:1809.04281},
        pages = {arXiv:1809.04281},
archivePrefix = {arXiv},
       eprint = {1809.04281},
 primaryClass = {cs.LG},
       adsurl = {https://ui.adsabs.harvard.edu/abs/2018arXiv180904281H},
      adsnote = {Provided by the SAO/NASA Astrophysics Data System}
}
